@article{Briden2023,
  year = {2023},
  month = Sept,
  author = {Julia Briden and Peng Mun Siew and Victor Rodriguez-Fernandez and Richard Linares},
  title = {Transformer-based Atmospheric Density Forecasting},
  journal = {Advanced Maui Optical and Space Surveillance (AMOS) Technologies Conference},
  url = {https://arxiv.org/abs/2310.16912}
}

@article{challenge2024,
author = {Siew, Peng Mun and Solera, Haley and Lavezzi, Giovanni and Roberts, Thomas and Jang, Daniel and Baldsiefen, David and Tran, Binh and Yeung, Christopher and Johnson, Kurtis and Metzger, Nathan and Porcher, Fran√ßois and Haik, Isaac and Rodriguez-Fernandez, Victor and Price, Jeffrey and How, Jonathan and Linares, Richard},
year = {2024},
month = {09},
pages = {},
title = {Satellite Pattern-of-Life Identification Challenge: Competition Design and Results},
journal = {25th Advanced Maui Optical and Space Surveillance Technologies Conference (AMOS)},
}
url = {https://amostech.com/TechnicalPapers/2024/Poster/Siew.pdf}